@Misc{greycite31542,
  url = {http://www.cs.unb.ca/profs/hzhang/publications/FLAIRS04ZhangH.pdf},
  title = {top.dvi},
  howpublished = {\url{http://www.cs.unb.ca/profs/hzhang/publications/FLAIRS04ZhangH.pdf}},
  archived = {http://greycite.knowledgeblog.org/?uri=http%3A%2F%2Fwww.cs.unb.ca%2Fprofs%2Fhzhang%2Fpublications%2FFLAIRS04ZhangH.pdf},
  year = {2015},
}
